% Optional fields: volume, number, pages, month, note
@ARTICLE{Andrze:1993,
  author  = {Andrzej Mackiewicz; Waldemar Ratajczak},
  title = {Principal components analysis (PCA)},
  publisher = {Elsevier Science},
  journal = {Computers & Geosciences},
  issnp = {0098-3004},
  year  = {1993},
  volume  = {19},
  issue = {3},
  page  = {303--342}
}

@article{di:2015,
  title={Using online textual data, principal component analysis and artificial neural networks to study business and innovation practices in technology-driven firms},
  author={Di Tollo; Giacomo and Tanev; Stoyan and Liotta; Giacomo and De March; Davide},
  journal={Computers in Industry},
  volume={74},
  pages={16--28},
  year={2015},
  publisher={Elsevier}
}

@ARTICLE{alec:09,
  author = {Alec Go, Richa Bhayani and Lei Huang},
  title = {Twitter Sentiment Classification using Distant Supervision},
  journal = {Stanford},
  year = {2009}
}

% Optional fields: volume/number, series, address, edition, month, note
@BOOK{liu:11,
  author = {Bing Liu},
  title = {Web Data Mining - Exploring Hyperlinks, Contents and Usage Data},
  publisher = {Springer},
  edition = {Second},
  month = {July},
  year = {2011}
}

@article{hofstede2011dimensionalizing:2011,
  title={Dimensionalizing cultures: The Hofstede model in context},
  author={Hofstede, Geert},
  journal={Online readings in psychology and culture},
  volume={2},
  number={1},
  pages={8},
  year={2011}
}

@article{staniewski2015motivating:2015,
  title={Motivating factors and barriers in the commencement of one's own business for potential entrepreneurs},
  author={Staniewski, Marcin and Awruk, Katarzyna},
  journal={Economic Research-Ekonomska Istrazivanja},
  volume={28},
  number={1},
  pages={583-592},
  year={2015},
}

@article{dimitriadis2008opinia:2008,
  title={Opinia Europejskiego Komitetu Ekonomiczno-Spolecznego w sprawie: Postawy przedsiebiorcze a strategia lizbonska Opinion of the European economic and social committee on: Entrepreneurial demeanour and the Lisbon strategy},
  author={Dimitriadis, D},
  journal={Dziennik Urzedowy Unii Europejskiej Official Journal of the European Union},
  pages={85},
  year={2008}
}

@article{hannon2013entrepreneurial:2013,
  title={Why is the entrepreneurial university important?},
  author={Hannon, Paul D},
  journal={Journal of Innovation Management},
  volume={1},
  number={2},
  pages={10-17},
  year={2013}
}

@article{gibb2012exploring:2012,
  title={Exploring the synergistic potential in entrepreneurial university development: towards the building of a strategic framework},
  author={Gibb, Allan},
  journal={Annals of Innovation \& Entrepreneurship},
  volume={3},
  number={1},
  pages={16742},
  year={2012},
  publisher={Taylor \& Francis}
}

@article{davidsson2003business:2003,
  title={The business platform: Developing an instrument to gauge and to assist the development of young firms},
  author={Davidsson, Per and Klofsten, Magnus},
  journal={Journal of small business management},
  volume={41},
  number={1},
  pages={1-26},
  year={2003},
  publisher={Wiley Online Library}
}